@article{hall2003baker,
  title={The Baker—Campbell—Hausdorff Formula},
  author={Hall, Brian C.},
  booktitle={Lie Groups, Lie Algebras, and Representations},
  pages={51--56},
  year={2003},
  publisher={Springer},
  volume={222},
  doi={10.1007/978-0-387-21554-9_3}
}
@article{Rahaman_prb,
  title = {Phase crossover induced by dynamical many-body localization in periodically driven long-range spin systems},
  author = {Rahaman, Mahbub and Mori, Takashi and Roy, Analabha},
  journal = {Phys. Rev. B},
  volume = {109},
  issue = {10},
  pages = {104311},
  numpages = {12},
  month = {Mar},
  publisher = {American Physical Society},
  doi = {10.1103/PhysRevB.109.104311},
}
@article{Russomanno2017,
  title = {Floquet time crystal in the Lipkin-Meshkov-Glick model},
  author = {Russomanno, Angelo and Iemini, Fernando and Dalmonte, Marcello and Fazio, Rosario},
  journal = {Phys. Rev. B},
  volume = {95},
  issue = {21},
  pages = {214307},
  numpages = {12},
  year = {2017},
  month = {Jun},
  publisher = {American Physical Society},
  doi = {10.1103/PhysRevB.95.214307}
}
﻿@Article{Zhang2017,
author={Zhang, J.
and Hess, P. W.
and Kyprianidis, A.
and Becker, P.
and Lee, A.
and Smith, J.
and Pagano, G.
and Potirniche, I.-D.
and Potter, A. C.
and Vishwanath, A.
and Yao, N. Y.
and Monroe, C.},
title={Observation of a discrete time crystal},
journal={Nature},
year={2017},
month={Mar},
day={01},
volume={543},
number={7644},
pages={217-220},
abstract={A time crystal is a state of matter that shows robust oscillations in time, and although forbidden in equilibrium, a discrete time crystal has now been observed in a periodically driven quantum system.},
issn={1476-4687},
doi={10.1038/nature21413},
url={https://doi.org/10.1038/nature21413}
}

